@misc{Image,
author = {J. Matias Di Martino and Gabriele Facciolo and Enric Meinhardt-Llopis},
title = {Poisson Image Editing},
journal = {IPOL},
year = {2016},
howpublished = "\url{https://www.ipol.im/pub/art/2016/163/article\_lr.pdf}"
}

@misc{Douglas,
title = {Douglas-Rachford method and ADMM},
OPTauthor = {L. Vandengerghe},
OPTyear = {2019},
howpublished = {\url{http://www.seas.ucla.edu/~vandenbe/236C/lectures/dr.pdf}}
}
@Unpublished{Gradient,
title = {Méthode du gradient conjugué},
note = {\url{https://fr.wikipedia.org/wiki/M%C3%A9thode_du_gradient_conjugu%C3%A9}},
}

@misc{Opti,
ALTauthor = {Jean-François Aujol},
ALTeditor = {•},
title = {Introduction to Optimization},
year = {2019},
howpublished = {\url{https://www.math.u-bordeaux.fr/~jaujol/PAPERS/optim\_masterbdx.pdf}}
}
@misc{Fourier,
author = {Edoardo Provenzi},
title = {Transformée de Fourier et ses applications},
howpublished = {\url{https://www.math.u-bordeaux.fr/~eprovenzi/include/Poly\_TransFourier.pdf}} 
}
@misc{Couleur, 
title = {Le modèle TSL},
howpublished = {\url{https://e-cours.univ-paris1.fr/modules/uved/envcal/html/compositions-colorees/representations-couleur/modeles-perceptuels/tsl.html?fbclid=IwAR3l5ZeuGgvk99J9SBSYlTvXvZ9748R51_6PyxQo_FgEaKg27eT6W3hL-yw}}
}
